@BOOK{Staud2006,
	author= {Staud, J.},
	title= {Geschäftsprozessanalyse: Ereignisgesteuerte Prozessketten und objektorientierte 			  Geschäftsprozessmodellierung für betriebswirtschaftliche Standardsoftware},
	year= {2006},
	tags= {Pattern; Software Engineering},
	publisher= {Springer}
}

@BOOK{koch2011,
	author= {Koch, S.},
	title= {Einführung in das Management von Geschäftsprozessen},
	year= {2011},
	tags= {Pattern; Software Engineering},
	publisher= {Springer}
	}

@BOOK{Stoerrle2005,
	author = {St{\"o}rrle, H.},
	title = {UML 2 f\"ur Studenten},
	year = {2005},
	tags= {Pattern; Software Engineering},
	publisher = {Pearson Studium}
	}

@BOOK{Mishra2012,
	author = {Mishra, J. and Mohanty, A.},
	title = {Software Engineering},
	year = {2012},
	tags= {Pattern; Software Engineering},
	publisher = {Pearson}
	
}

@BOOK{Koelmel2000,
	author = {Kölmel, B.},
	title = {Softwareprozessverbesserungsprojekte},
	year = {2000},
	tags= {Pattern; Software Engineering},
	publisher = {Books on Demand GmbH},
	address = {Norderstedt}
}

@BOOK{Puntambekar2007,
	author = {Puntambekar, A.A.},
	title = {Software Engineering},
	year = {2007},
	tags= {Pattern; Software Engineering},
	publisher = {Technical Publications}
	}

@BOOK{Specker1998,
	author = {Specker, A.},
	title = {Kognitives Software Engineering},
	year = {1998},
	tags= {Pattern; Software Engineering},
	publisher = {vdf Hochschulverlag AG}
	}

@BOOK{Booch1993,
	author = {Doug, B.  and Booch, G.},
	title = {Software Engineering with ADA},
	year = {1993},
	tags= {Pattern; Software Engineering},
	publisher = {Addison Wesley}
	}
		
@article{ross1975software,
  	  author={Ross, D. T. and Goodenough, J. B. and Irvine, C.A.},
	  title={Software engineering: process, principles, and goals},
	   year={1975},
	  journal={Computer},
 	  volume={8},
  	 number={5},
  	 pages={17--27},
	 tags= {Pattern; Software Engineering},
  	 publisher={IEEE Comput. Soc.}
}


@BOOK{Hanser2010,
	author = {Hanser, E.},
	title = {Agile Prozesse},
	year = {2010},
	tags= {Pattern; Software Engineering},
	publisher= {Springer}	
}
	
@article{Hesse2008,
	author={Hesse, W. and Mayr, H. C.},
	title={Modellierung in der Softwaretechnik: eine Bestandsaufnahme},
	journal={Informatik-Spektrum},
	volume={31 (5) : 377-393, 2008},
	 tags= {Pattern; Software Engineering}
	 	}


@BOOK{Grechenig2010,
	author = {Grechenig, T.  and Bernhart, M. and Breiteneder, R. and Kappel, K.},
	title = {Softwaretechnik},
	year = {2010},
	 tags= {Pattern; Software Engineering},
	publisher = {Pearson Studium}	
}
	

@BOOK{Boehm81,
  author = {Boehm, B. W.},
  title = {Software Engineering Economics},
  publisher = {Prentice Hall},
  year = {1981},
  tags= {Pattern; Software Engineering},
}

@BOOK{Schwaber2004,
	author = {Schwaber, K.},
	title = {Agile Project Management with Scrum},
	year = {2004},
	 tags= {Pattern; Software Engineering},
	publisher = {Microsoft Press}
	}

@book {Henning2011,
	author = {Wolf, H.},
	title = {Die Kraft von Scrum: eine inspirierende Geschichte über einen revolutionären 
		 Projektmanagementansatz},
	year = {2011},
	 tags= {Pattern; Software Engineering},
	publisher = {Addison-Wesley}
}

@book {Pries2011,
	author = {Pries, K. H. and Quigley, J. M.},
	title = {Scrum project management},
	year = {2011},
	 tags= {Pattern; Software Engineering},
	 publisher = {Woodhead Publishing Limited}
}

@book {Lacey2012,
	author = {Lacey, M.},
	title = {The Scrum field guide: practical advice for your first year},
	year = {2012},
	tags= {Pattern; Software Engineering},
	publisher = {Addison-Wesley}	
}

@book {Keith2010,
	author = {Keith, C.},
	title = {Agile game development with Scrum: Description based on print version record},
	year = {2010},
	tags= {Pattern; Software Engineering},
	publisher = {Addison-Wesley}
	}

@book {Pichler2010,
	author = {Pichler, R.},
	title = {Agile product management with Scrum: creating products that customers love. - 
	Description based on print version record},
	year = {2010},
	tags= {Pattern; Software Engineering},
	publisher = {Addison-Wesley}
	}

@book {Schwaber2007,
	author = {Schwaber, K.},
	title = {The enterprise and Scrum},
	year = {2007},
	tags= {Pattern; Software Engineering},
	publisher = {Microsoft Press}
}

@book {Wolf2011,
	author = {Wolf, H.},
	title = {Die Kraft von Scrum: eine inspirierende Geschichte über einen revolutionären 
	Projektmanagementansatz},
	year = {2011},
	tags= {Pattern; Software Engineering},
	publisher = {Addison-Wesley}
}

@book {Pham2012,
	author = {Pham, A.},
	title = {Scrum in action: agile software project management and development},
	year = {2012},
	tags= {Pattern; Software Engineering},
	publisher = {Course Technology}
	}
	
	



@article{Takeuchi1986,
	  author = {Takeuchi, H. and Nonaka, I.},
	    title = {The New New Product Development Game},
  	  journal = {Harvard Business Review},
	  	volume={86},
		pages={137-146},
 	  year = {1986},
	  tags= {Pattern; Software Engineering}
}

@misc{scrum2008, 
    author = "{Mountain Goat Software}", 
    publisher = "Mountain Goat Software", 
    title = "Scrum Overview", 
    url = "http://epf.eclipse.org/wikis/scrum/",
    note = "Letzter Zugriff: 08.12.2014"

    
  }
  
  @book{Friedrich2008,
    author={Friedrich,J. and Hammerschall,U.  and Kuhrmann, M.  and Sihling, M.},
  title={Das V-Modell XT},
  year={2008},
  tags= {Pattern; Software Engineering},
  publisher={Springer}
  }

@inproceedings{Kuhrmann2011,
	  author = {Kuhrmann, M. and Lange, C. and Schnackenburg, A.},
  	  booktitle = {EuroSPI},
 	  pages = {49-60},
	  year={2011},
	  tags= {Pattern; Software Engineering},
  	  publisher = {Springer}
	  }
	  
 @book{Zoerner2012,
   author={Zörner, S.},
  title={Software-Architekturen Dokumentieren und Kommunizieren},
  year={2012},
  tags= {Pattern; Software Engineering},
  publisher={Carl Hanser Verlag}
  }


@inproceedings{pfahl2007software,
  title={Software Process Dynamics and Agility},
  author={Pfahl, D. and Raffo, D. M.},
  title     = {Software Process Dynamics and Agility, International Conference
               on Software Process, ICSP 2007, Minneapolis, MN, USA, May
               19-20, 2007, Proceedings},
  series    = {Lecture Notes in Computer Science},
  volume    = {4470},
  year      = {2007},
  tags= {Pattern; Software Engineering},
  publisher = {Springer}

}

@article{hauber2010,
  author={Hauber, R. and Muth, B.},
  title={Architekturprozesse--Systeme systematisch entwickeln},
  journal={URL: www. sigs-datacom. de, S.1--23, 2010},
   tags= {Pattern; Software Engineering}
}

@article{gau2006,
 	 title={UMA und EPF: Einf{\"u}hrung und Anwendung in der Praxis},
  	author={Gau, T.},
 	 journal={Objekt Spektrum,(November/Dezember 2006-6), 2006, S. 42-47},
	 tags= {Pattern; Software Engineering},
	
}

@misc{openup, 
    author = "{Sparkling Consulting}", 
    publisher = "Sparkling Consulting", 
    title = "Open Unified Process (OpenUP)", 
      tags= {Pattern; Software Engineering},
    url = "http://www.itpractices.org/Live/framework/openup",
   note = "Letzter Zugriff: 08.12.2014"
    
  }
  
  @article{freudenreichevaluierung,
    author={Freudenreich, R.},
  title={Evaluierung der Potentiale des Eclipse Process Frameworks},
  journal={Modellbasierte Softwareentwicklung},
   tags= {Pattern; Software Engineering},
  pages={34, 2009}
 
}

@misc{eclipseopenup, 
    author = "{Balduino, R.}", 
    title = "Introduction to OpenUP (Open Unified Process) ", 
    publisher = "Eclipse", 
    url = "http://www.eclipse.org/epf/general/OpenUP.pdf",
    note = "Letzter Zugriff: 08.12.2014"

    
  }
  
  @MISC{OpenUPProcess,
  author = {IBM CORP},
  title = {OpenUP Process Version 1.5.0.4},
  url = {http://epf.eclipse.org/wikis/openup/},
   note = "Letzter Zugriff: 08.12. 2014"
 
}

@book{Basem2010,
 author={El-Haik, B.  and Shaout, A.},
 title={Software Design For Six Sigma: A Roadmap For Excellence},
 year={2010},
 publisher={Wiley}
 }

@book{ambler2012,
  author={Ambler, S.W. and Lines, M.},
  title={Disciplined Agile Delivery: A Practitioner's Guide to Agile Software Delivery in the Enterprise},
  year={2012},
  publisher={Pearson Education}
}

@techreport{2004vmodell,
  author = {Beratungsstelle der Bundesregierung für Informationstechnik in der Bundesverwaltung},
    title = {V-Modell XT},
  editor = {Deutschland, Bundesrepublik},
  url = {http://ftp.uni-kl.de/pub/v-modell-xt/Release-1.2/Dokumentation/pdf/V-Modell-XT-Teil1.pdf},
   note = "Letzter Zugriff: 08.12.2014"
}

@book{reinhard2008,
  author={H{\"o}hn, R.  and Rausch, A.  and Broy, M.  and  H{\"o}ppner, S. and Bergner, K.  and Petrasch, R. and Biffl, S. and Wagner, R. and Hesse, W.},
  title={Das V-Modell XT: Grundlagen, Methodik und Anwendungen},
  year={2008},
  publisher={Springer}
}

@book{brack2010,
  author={Brack, T.},
  title={Das V-Modell XT 1.2.1 im Umfeld der Qualit{\"a}tssicherung nach ISO 9001:2000},
  year={2010},
  publisher={Diplom.de}
}

@book{ruf2008,
  author={Ruf, W. and Fittkau, T.},
  title={Ganzheitliches IT-Projektmanagement: Wissen, Praxis, Anwendungen},
  year={2008},
  publisher={Oldenbourg}
}

@book {Reichert2011,
author = {Kaiser, S. and Reichert, M.},
title = {Datenflussvarianten in Prozessmodellen: Szenarien, Herausforderungen, Ansätze},
year = {2011},
publisher = {Universität Ulm, Fakultät für Ingenieurwissenschaften und Informatik},
address = {Ulm}
}



@inproceedings{kaschek1998,
  author={Kaschek, R.},
  booktitle= {Modellierung '98, Proceedings des GI-Workshops in M{\"{u}}nster, 11.-13. M{\"{a}}rz 1998},
  title={Proze{\ss}ontologie als Faktor der Gesch{\"a}ftsproze{\ss}modellierung.},
  booktitle={Modellierung},
  year={1998},
    publisher = {CEUR-WS.org}
}

@article{journals95,
  author = {Becker, J. and Rosemann, M. and Schütte, R.},
    title = {Grundsätze ordnungsmäßiger Modellierung.},
   journal = {Wirtschaftsinformatik},
  volume = {37 (5): 435--445, 1995}
}

@book{freund2007,
  author={Freund, T.},
  title={Software Engineering durch Modellierung wissensintensiver Entwicklungsprozesse},
  year={2007},
  publisher={GITO}
}

@book{reinshagen2009,
  author={Reinshagen, F.},
  title={Konzepte einer komprimierten Informationsversorgung f{\"u}r die interne F{\"u}hrung und externe Performance-Kommunikation grosser Publikumsgesellschaften},
  year={2009},
  publisher={Logos-Verlag}
}

@book{leimeister2012,
  author={Leimeister, J.M.},
  title={Dienstleistungsengineering und -management},
  year={2012},
  publisher={Springer Berlin Heidelberg}
}

@inproceedings{pichler2012,
 author={Pichler, P. and Weber, B. and Zugal, S. and Pinggera, J. and Mendling, J. and Reijers, H. A.},
  title={Imperative versus declarative process modeling languages: An empirical investigation},
  booktitle={Business Process Management Workshops, LNBIP 99,},
  pages={383--394},
  year={2012},
  organization={Springer}
}

@book{lichtenegger2012,
  author={Lichtenegger, W.},
  title={Methoden zur teilautomatischen Konstruktion von Ist-Prozessmodellen mittels Process Mining sowie zur Integration manuell konstruierter und automatisch generierter Ist-Prozessmodelle},
  year={2012},
  publisher={Logos Verlag Berlin}
}


@book{heinrich2007,
  author={Heinrich, G.},
  title={Allgemeine Systemanalyse},
  year={2007},
  publisher={Oldenbourg}
}

@book{thomas2009,
  author={Thomas, O.},
  title={Fuzzy Process Engineering },
  year={2009},
  publisher={Gabler Verlag}
}

@book{kircher2006,
  author={Kircher, H.},
  title={IT: Technologien, L{\"o}sungen, Innovationen},
  year={2006},
  publisher={Springer}
}

@book{gpfert2012,
  author={G{\"o}pfert, J. and Lindenbach, H.},
  title={Gesch{\"a}ftsprozessmodellierung mit BPMN 2.0: Business Process Model and Notation},
  year={2012},
  publisher={Oldenbourg Wissenschaftsverlag}
}

@book{pitschke2010,
  author={Pitschke, J.},
  title={Unternehmensmodellierung f{\"u}r die Praxis: Eine Einf{\"u}hrung in die Darstellung von Unternehmensmodellen},
  year={2010},
  publisher={Books on Demand}
}

@book{allweyer2013,
  author={Allweyer, T.},
  title={BPMN 2.0 - Business Process Model and Notation: Einf{\"u}hrung in den Standard f{\"u}r die Gesch{\"a}ftsprozessmodellierung},
  year={2013},
  publisher={Books on Demand}
}


@book{krallmann2013,
  author={Krallmann, H. and Bobrik, A. and Levina, O.},
  title={Systemanalyse im Unternehmen: Prozessorientierte Methoden der Wirtschaftsinformatik},
  year={2013},
  publisher={Oldenbourg}
}

@article{white2004introduction,
  title={Introduction to BPMN},
  author={White, S. A.},
  journal={IBM Cooperation},
  volume={2},
  number={0},
  pages={0},
  year={2004}
}

@misc{bpmnposter, 
    author = "{Mountain Goat Software}", 
    title = "BPMN Offensive Berlin", 
    publisher = "Mountain Goat Software", 
    url = "http://www.bpmb.de/index.php/BPMNPoster",
   note = "Letzter Zugriff: 08.12.2014"
    
  }
  
  @book{reichert2012,
    author={Reichert, M.  and Weber, B.},
  title={Enabling Flexibility in Process-Aware Information Systems: Challenges, Methods, Technologies},
  year={2012},
  publisher={Springer}
}



@inproceedings{pesic2007declare,
  author={Pesic, M. and Schonenberg, H. and van der Aalst, W.M.P.},
  title={Declare: Full support for loosely-structured processes},
  booktitle={11th IEEE International Enterprise Distributed Object Computing Conference, 2007.},
  pages={287--287}
}

@inproceedings{fahland2010,
  author={Fahland, D. and Mendling, J. and Reijers, H. A. and Weber, B. and Weidlich, M. and Zugal, S.},
  title={Declarative versus imperative process modeling languages: the issue of maintainability},
  booktitle={Business Process Management Workshops, LNBIP, Vol. 43},
  pages={477--488},
  year={2010},
  publisher={Springer}
}

@inproceedings{pesic2006,
  author={Pesic, M. and van der Aalst, W.M.P.},
  title={A declarative approach for flexible business processes management},
  booktitle={Business Process Management Workshops, Lecture Notes in Computer Science 4103},
  pages={169--180},
  year={2006},
  publisher={Springer}
}

@book{montali2010,
  author={Montali, M.},
  title={Specification and verification of declarative open interaction models: A logic-based approach},
  year={2010},
  publisher={Springer}
}

@incollection{Pesic200,
author={Aalst, W.M.P. and Pesic, M.},
booktitle={Web Services and Formal Methods},
title={DecSerFlow: Towards a Truly Declarative Service Flow Language},
year={Lecture Notes in Computer Science, Vol. 6291, S. 1-26},
publisher={Springer, 2006}
}

@article{quteprints,
      author = {Mendling, J.  and Recker, J. C.  and Wolf, J.},
           title = {Collaboration features in current BPM tools},
          volume = {32},
          number = {1},
       publisher = {Gesellschaft f{\''u}r Informatik e.V.},
         journal = {EMISA Forum},
           pages = {48--65, 2012}
}

@book{becker2012prozessmanagement,
 author={Becker, J.},
  title={Prozessmanagement: Ein Leitfaden Zur Prozessorientierten Organisationsgestaltung},
  year={2012},
  publisher={Springer}
}

@book{gadatsch2012,
 author={Gadatsch, A.},
  title={Grundkurs Gesch{\"a}ftsprozess-Management},
  year={2012},
  publisher={Vieweg+Teubner Verlag}
}

@inproceedings{list2006evaluation,
  author={List, B. and Korherr, B.},
  title={An evaluation of conceptual business process modelling languages},
  booktitle={Proceedings of the 2006 ACM symposium on applied computing},
  pages={1532--1539},
  year={2006}
  }

@misc{eclipseScrum, 
    author = "{Eclipse}", 
    publisher = "Eclipse", 
    title = "Eclipse Scrum Library", 
    url = "http://www.eclipse.org/epf/downloads/praclib/praclib_downloads.php",
   note = "Letzter Zugriff: 08.12. 2014"
    
  }
  
  @inproceedings{bpm07,
  author = {Mendling, J. and Reijers, H.A. and Cardoso, J.},
    title = {What Makes Process Models Understandable?},
  booktitle = {International Conference on Business Process Management (BPM 2007), Lecture Notes in Computer Science 4714, 2007},
  editor = {Alonso, G. and Dadam, P. and Rosemann, M.},
   pages = {48--63},
  publisher = {Springer-Verlag, Berlin}
    }






@article{sabrina942,
          author = {Zugal,S. and Soffer, P. and Haisjackl, C. and Pinggera, J.  and 	Reichert, M. and Weber, B.},
           title = {Investigating expressiveness and understandability of hierarchy in declarative business process models},
           journal = {Software \& Systems Modeling: 1--23, 2013, DOI 10.1007/s10270-013-0356-2}
                      }

@phdthesis{Menhorn2014,
  TYPE = {Bachelorarbeit},
author={Menhorn, N.},
title={Analyse und Überführung von Softwareentwicklungsprozessen in die standardisierte BPMN Notation},
year={2014},
school={Universität Ulm}}


@phdthesis{brunner2007fallstudie,
  author={Brunner, M.},
  title={Fallstudie zur Modellierung von Software-Entwicklungsprozessen auf Basis des Software Process Engineering Metamodel 2.0},
  year={2007},
  school={Diplomarbeit, Lehrstuhl f{\"u}r Informatik 2, FAU}
}

@INPROCEEDINGS{software,
AUTHOR = "Campos, A.L.N.  and Cavalcante de Oliveira, T.",
TITLE = "Software Processes with BPMN: An Empirical Analysis",
BOOKTITLE = "PROFES'13",
PAGES = {338-341, 2013}
}

@misc{Bregenzer2014,
author={Bregenzer, S.},
title={Projektdurchführungstrategie als strategisches Prozessmodell in BPMN},
url={http://blog.milsystems.de/2012/ 08/projektdurchfuehrungstrategie\ -als-strategisches- prozessmodell-in-bpmn/},
   note = "Letzter Zugriff: 08.12.2014"
 }


@phdthesis{thesis_maja,
  author = {Pesic, M.},
  type = {PhD Thesis},
  title = {Constraint-based Workflow Management Systems: Shifting Control to Users},
  school = {Eindhoven University of Technology},
  year = 2008
}

@inproceedings{gruhn2006complexity,
  author={Gruhn, V. and Laue, R.},
  title={Complexity metrics for business process models},
  booktitle={9th International Conference on Business Information Systems, 2006},
  pages={1--12}
  }

@article{haisjackl2014understanding,
  author={Haisjackl, C. and Barba, I. and Zugal, S. and Soffer, P. and Hadar, I. and Reichert, M. and Pinggera, J. and Weber, B.},
  title={Understanding Declare models: strategies, pitfalls, empirical results},
  journal={Software \& Systems Modeling, 2014, DOI: 10.1007/s10270-014-0435-z},
  publisher={Springer}
}

@article{reijers2011study,
  author={Reijers, H. A. and Mendling, J.},
  title={A study into the factors that influence the understandability of business process models},
  journal={IEEE Transactions on Systems, Man and Cybernetics, Part A: Systems and Humans},
  volume={41 (3) : 449--462, 2011},
  publisher={IEEE}
}

@article{recker2007does,
  author={Recker, J. C. and Dreiling, A.},
  title={Does it matter which process modelling language we teach or use? an experimental study on understanding process modelling languages without formal education},
    journal={18th Australasian Conference on Information Systems, S. 356--366, 2007},
  publisher={University of Southern Queensland}
}

@inproceedings{gruhn2006adopting,
  author={Gruhn, V. and Laue, R.},
  title={Adopting the cognitive complexity measure for business process models},
  booktitle={5th IEEE International Conference on Cognitive Informatics, 2006},
  pages={236--241}
}


@article{mendling2010seven,
  title={Seven process modeling guidelines (7PMG)},
  author={Mendling, J. and Reijers, H. A. and van der Aalst, W.M.P.},
  journal={Information and Software Technology},
  volume={52 (2):127--136, 2010},
  publisher={Elsevier}
}

@book{richling2011autonomie,
  title={Autonomie in verteilten IT-Architekturen},
  author={Richling, J. and Werner, M. and Jaeger, M.C. and M{\"u}hl, G. and Hei{\ss}, H.U.},
  year={2011},
  tags= {Pattern; Software Engineering},
  publisher={De Gruyter}
}

@book{gumm2012einfuhrung,
  title={Einf{\"u}hrung in die Informatik},
  author={Gumm, H.P. and Sommer, M.},
  year={2012},
  publisher={Oldenbourg}
}

@inproceedings{sabrina734,
       booktitle = {4th Int'l Workshop on Evolutionary Business Processes (EVL-BP'11), Proceedings EDOCW'11 Workshops},
           month = {August},
           title = {Semantically-Driven Workflow Generation using Declarative Modeling for Processes in Software Engineering},
          author = {Grambow, G. and Oberhauser, R. and Reichert, M},
       publisher = {IEEE Computer Society},
           pages = {164--173, 2011}
}

@article{sabrina795,
          volume = {4},
          number = {3\&4},
           title = {Contextual Generation of Declarative Workflows and their Application to Software Engineering Processes},
          author = {Grambow, G. and Oberhauser, R. and Reichert, M.},
           pages = {158--179, 2011},
         journal = {Int J on Advances in Intelligent Systems}
}

@article{sabrina758,
          volume = {4},
          number = {1\&2},
           title = {Contextual Injection of Quality Measures into Software Engineering Processes},
          author = {Grambow, G. and Oberhauser, R. and Reichert, M.},
           pages = {76--99, 2011},
         journal = {Int'l Journal on Advances in Software}
         }
         
 @article{pinggera2010investigating,
  title={Investigating the Process of Process Modeling with Cheetah Experimental Platform--Tool Paper--},
  author={Pinggera, J. and Zugal, S. and Weber, B.},
  journal={ER-POIS 2010},
  pages={13},
  year={2010}
}

@inproceedings{sabrina933,
           month = {June},
          author = {Haisjackl, C. and Zugal, S. and Soffer, P. and Hadar , I. and Weber, B. and Pinggera, J. and Reichert, M},
       booktitle = {Proc. BPMDS'13},
           title = {Making Sense of Declarative Process Models: Common Strategies and Typical Pitfalls},
       publisher = {Springer, LNBIP, vol. 147},
           pages = {2--17, 2013}
           }
           
           @proceedings{opac,
   title = "Software process dynamics and agility : International Conference on Software Process",
   editor = "Wang, Q. and Pfahl, D. and Raffo, D. M.",
   series = "Lecture notes in computer science, Vol. 4470",
   publisher = "Springer",
   year = 2007
}

@inproceedings{pinggera2012tracing,
  title={Tracing the process of process modeling with modeling phase diagrams},
  author={Pinggera, J. and Zugal, S. and Weidlich, M. and Fahland, D. and Weber, B. and Mendling, J. and Reijers, H. A.},
  booktitle={Business Process Management Workshops, 2012, S. 370-382},
  organization={, Springer}
}
@inproceedings{forster2012collaborative,
  title={Collaborative Business Process Modeling},
  author={Forster, S. and Pinggera, J. and Weber, B.},
  booktitle={EMISA, 2012, Vol. 206, S. 81-94}
}

